@book{UML,
title = {UML 2: Das umfassende Handbuch},
author = {Kecher, Christoph},
publisher = {Galileo Computing},
edition = {3.},
year = {2009},
address = {Bonn}
}

@book{RAD,
title  = {An Introduction to IBM Rational Application Developer: A Guided Tour},
author = {Fung, Jane and Lau, Christina and McKay, Ellen and Birsan, Valentina and Yu, Colin and Winchester, Joe and Mendel, Gili and Flood, Gary and Walker, Peter and deBoer, Timothy and Lu, Yen and Hunter, James},
year   = {2005},
publisher = {IBM Press},
address = {Indiana},
}

@book{Oslo,
publisher = {http://msdn.microsoft.com/en-us/library/ee424598.aspx},
title  = {Using Oslo to Speed Up Database Development},
author = {Forte, Stephen},
year = {2009},
note = {Letzter Zugriff: 24.11.2010}
}

@book{DesignPatterns,
title = {Entwurfsmuster: Elemente wiederverwendbarer objektorientierter Software},
author = {Gamma, Erich and Helm, Richard and Johnson, Ralph and Vlissides, John},
publisher = {Addison-Wesley Verlag},
year = {2004},
address = {München}
}

@book{XSLT,
title = {XSLT 2.0 und XPath 2.0},
edition = {2.},
author = {Bongers, Frank},
publisher = {Galileo Computing},
year = {2008},
address = {Bonn}
}

@book{Lisp,
author = {Seibel, Peter},
isbn = {1590592395},
keywords = {common-lisp, functional-programming, lisp},
month = {September},
year = {2007},
publisher = {Apress},
title = {Practical Common Lisp},
address = {New York}
}

@book{Federano,
publisher = {http://www.paulgraham.com/chameleon.html},
title = {Lisp is a Chameleon},
author = {Federano, John},    
month = {September},
year = {1991},
journal = {Communications of the ACM Vol. 34, No. 9},
note = {Letzter Zugriff: 24.11.2010}
}

@book{Parenscript,
publisher = {http://common-lisp.net/project/parenscript/tutorial.html},
title  = {ParenScript Tutorial},
author = {Sedach, Vladimir},
year   = {2009},
note = {Letzter Zugriff: 24.11.2010}
}

@book{YTools,
publisher    = {http://www.cs.yale.edu/homes/dvm/papers/ytdoc.pdf},
title  = {YTools: A Package of Portable Enhancements to Common Lisp},
author = {McDermott, Drew},
year   = {2008},
note = {Letzter Zugriff: 24.11.2010}
}

@book{CompositePattern,
title = {Software architecture design patterns in Java},
author = {Kuchana, Partha},
publisher = {CRC Press},
year = {2004},
address = {Boca Raton}
}

@book{XmlSpec,
author = "{World Wide Web Consortium}",
title = {Extensible Markup Language (XML) 1.0 (Fifth Edition)},
publisher = {http://www.w3.org/TR/2008/REC-xml-20081126},
year = 2008,
note = {Letzter Zugriff: 24.11.2010}
}

@book{StringTemplate,
author = {Parr, Terence},
title = {Enforcing Strict Model-View Separation in Template Engines},
publisher = {http://www.cs.usfca.edu/~parrt/papers/mvc.templates.pdf},
note = {Letzter Zugriff: 24.11.2010}
}

@Book{Velocity,
author = {{Apache Software Foundation}},
title = {The Apache Velocity Project},
publisher = {http://velocity.apache.org},
year = 2008,
note = {Letzter Zugriff: 24.11.2010}
} 

@book{JavaGenerics,
author = {Naftalin, Maurice and Wadler, Philip},
publisher = {O'Reilly},
title = {Java Generics and Collections},
year = {2006},
isbn = {978-0-596-52775-4},
address = {Sebastopol}
}

@book{JavaReflection,
title={{Java reflection in action}},
author={Forman, I.R. and Forman, N.},
isbn={9781932394184},
lccn={2005273003},
series={In Action series},
url={http://books.google.com/books?id=3NjnP6-aZ_EC},
year={2004},
publisher={Manning},
address = {Greenwich}
}

@book{JavaScript,
author = {Flanagan, david},
publisher = {O'Reilly},
title = {JavaScript: The Definite Guide},
year = {1998},
isbn = {978-1-56592-392-8},
address = {Sebastopol}
}

@book{Boost,
title = {{Boost C++ Libraries}},
publisher = {http://www.boost.org},
note = {Letzter Zugriff: 24.11.2010}
}

@book{CppFib,
title = {{Computing Fibonacci Numbers at Compile Time}},
publisher = {{http://tinyurl.com/33u3hbw}},
note = {Letzter Zugriff: 24.11.2010}
}

@book{metaprog-sh,
  title={{Metaprogramming GPUs with Sh}},
  author={McCool, M.D. and Toit, S.D.},
  isbn={9781568812298},
  lccn={2004053399},
  series={Ak Peters Series},
  url={http://books.google.de/books?id=8RX4RmFRLmgC},
  year={2004},
  publisher={A K Peters},
  address = {London}
}

@book{metaprog-ruby,
  title={{Metaprogramming Ruby: Program Like the Ruby Pros}},
  author={Perrotta, P.},
  isbn={9781934356470},
  series={Pragmatic Bookshelf Series},
  url={http://books.google.de/books?id=86YGQQAACAAJ},
  year={2010},
  publisher={The Pragmatic Programmers, LLC},
  address = {Raleigh und Dallas}
}


@book{ThsTutorial,
title = {{Template Haskell Tutorial}},
publisher = {{http://www.haskell.org/bz/thdoc.htm}},
note = {Letzter Zugriff: 24.11.2010}
}

@article{CPrep,
author = {Ritchie, Dennis M.},
title = {The development of the C language},
journal = {SIGPLAN Not.},
volume = {28},
number = {3},
year = {1993},
pages = {201--208},
publisher = {ACM},
address = {New York},
}

@book{Clojure,
author = {Halloway, Stuart},
title = {Programming Clojure},
year = {2009},
isbn = {1934356336, 9781934356333},
publisher={The Pragmatic Programmers, LLC},
address = {Raleigh und Dallas}
}

@book{OnLisp,
url    = {http://www.paulgraham.com/onlisp.html},
title  = {On Lisp},
author = {Graham, Paul},
publisher = {Prentice Hall},
year = {1993},
isbn = {0130305529},
address = {New Jersey}
}

@book{NorvigCL,
title  = {Paradigms of Artificial Intelligence Programming: Case Studies in Common Lisp},
author = {Norvig, Peter},
publisher = {Morgan Kaufmann},
year = {1992},
isbn = {1-55860-191-0},
address = {San Fransisco}
}

@incollection{EvolutionOfLisp,
author = {Steele, Guy L. and Gabriel, Richard P.},
title = {The evolution of Lisp},
booktitle = {History of programming languages II},
year = {1996},
isbn = {0-201-89502-1},
pages = {233--330},
publisher = {ACM},
address = {New York},
url = {ttp://www.dreamsongs.com/Files/HOPL2-Uncut.pdf},
}

@book{Latex,
title = {LaTeX - kurz \& gut},
author = {Dalheimer, Kalle and Günther, Karsten},
edition = {3.},
year = {2008},
publisher = {O'Reilly},
address = {Köln}
}

@book{LatexBeamer,
title = {User Guide to the Beamer Class},
publisher = {http://www.ctan.org/tex-archive/macros/latex/contrib/beamer/doc/beameruserguide.pdf},
author = {Tantau, Till},
year = {2007},
note = {Letzter Zugriff: 24.11.2010}
}

@book{Grundlagen,
author="Ehrig, Hartmut and Mahr, Bernd and Cornelius, Felix and Gro{\ss}e-Rhode,
    Martin and Zeitz, Philip",
title="{Mathematisch-strukturelle Grundlagen der Informatik}",
publisher="{Springer}",
edition = {2.},
year="1999",
keywords="{algebraic structures; data structures; structural induction; term
    algebras; algebraic specifications; Hilbert calculus}",
address = {Berlin}
}

@article{Hughes,
author = {Hughes, John},
journal = {Science of Computer Programming},
title = {Generalising monads to arrows},
year = {2000}
}

@inproceedings{HaskellHistory,
author = {Hudak, Paul and Hughes, John and Jones, Simon Peyton and Wadler, Philip},
title = {A history of Haskell: being lazy with class},
booktitle = {HOPL III: Proceedings of the third ACM SIGPLAN conference on History of programming languages},
year = {2007},
isbn = {978-1-59593-766-X},
pages = {12-1--12-55},
location = {San Diego, California},
doi = {http://doi.acm.org/10.1145/1238844.1238856},
publisher = {ACM},
address = {New York},
}

@book{Parsec,
note    = {http://research.microsoft.com/en-us/um/people/emeijer/Papers/Parsec.pdf. Letzter Zugriff: 24.11.2010},
publisher = {Microsoft Research},
title  = {Parsec: A Practical Parser Library},
author = {Leijen, Daan and Meijer, Erik},
year   = {2001},
address = {Redmond},
}

@book{EBNF,
author    = {Ulrich Hedtst{\"u}ck},
title     = {Einf{\"u}hrung in die Theoretische Informatik: Formale
             Sprachen und Automatentheorie},
publisher = {Oldenbourg},
year      = {2007},
edition   = {4.},
isbn      = {3-486-25515-0},
bibsource = {DBLP, http://dblp.uni-trier.de},
address   = {München}
}

@book{Jalopy,
publisher = {http://jalopy.sourceforge.net/existing/ manual.html},
title  = {Jalopy User Manual},
author = {Marco Hunsicker},
year = {2002},
note = {Letzter Zugriff: 24.11.2010}
}

@book{FunOfProgramming,
title  = {The Fun of Programming},
editor = {Gibbons, Jeremy and de Moor, Oege},
year = {2003},
publisher = {Palgrave Macmillan},
address = {Hampshire}
}

@book{LispHistory,
publisher = {http://www-formal.stanford.edu/jmc/history/lisp/node3.html},
title  = {The Implementation of LISP},
author = {McCarthy, John},
note = {Letzter Zugriff: 24.11.2010}
}

@book{MetaobjectProtocol,
author = {Kiczales, Gregor and Rivieres, Jim Des},
title = {The Art of the Metaobject Protocol},
year = {1991},
isbn = {0262111586},
publisher = {MIT Press},
address = {Cambridge, USA},
}

@book{Ghc,
title     = {The Glasgow Haskell Compiler},
publisher = {http://www.haskell.org/ghc/},
note = {Letzter Zugriff: 24.11.2010}
}

@book{Prolog,
author    = {Clocksin, William. F and Mellish, Christopher. S },
title     = {Programming in Prolog. Using the ISO Standard},
year      = {2003},
publisher = {Springer},
address = {Berlin}
}

@book{Paredit,
title     = {EmacsWiki: ParEdit},
year      = {2009},
publisher = {http://www.emacswiki.org/emacs/ParEdit},
note = {Letzter Zugriff: 24.11.2010}
}

@book{Emacs,
author    = {Cameron, Debra and Rosenblatt, Bill and Raymond, Eric},
title     = {Learning GNU Emacs: A Guide to the World`s Most Extensible, Customizable Editor},
year      = {2004},
publisher = {O'Reilly},
address = {Sebastopol}
}

@book{CouchDB,
author    = {Anderson, J. Chris and Lehnardt, Jan and Slater, Noah},
title     = {CouchDB: The Definitive Guide},
year      = {2010},
publisher = {O'Reilly},
address = {Sebastopol}
}

@book{Svn,
edition   = {2.},
author    = {Pilato, C. Michael and Collins-Sussman, Ben and Fitzpatrick, Brian W.},
title     = {Version Control with Subversion. Next Generation Open Source Version Control},
year      = {2008},
publisher = {O'Reilly},
address = {Sebastopol}
}

@book{Git,
author    = {Chacon, Scott},
title     = {Pro Git},
year      = {2009},
publisher = {Apress},
address = {New York}
}

@MastersThesis{Roundtrip,
  author =	 {Dirkner, Ragna},
  title =	 {{Roundtrip-Engineering im PAOSE-Ansatz}},
  year =	 2006,
  school = {Department Informatik, Universität Hamburg}
}